<?xml version="1.0" encoding="UTF-8"?><collection><record><leader>05403ntm a2200517 a 4500</leader><controlfield tag="001">006834049</controlfield><controlfield tag="003">MiAaHDL</controlfield><controlfield tag="005">20190719000000.0</controlfield><controlfield tag="006">m        d        </controlfield><controlfield tag="007">cr bn ---auaua</controlfield><controlfield tag="008">090702q17001750xx            00| ||ara d</controlfield><datafield tag="035" ind1=" " ind2=" "><subfield code="a">(MiU)006834049</subfield></datafield><datafield tag="035" ind1=" " ind2=" "><subfield code="a">sdr-miu006834049</subfield></datafield><datafield tag="040" ind1=" " ind2=" "><subfield code="a">MiU</subfield><subfield code="c">MiU</subfield><subfield code="e">amremm</subfield></datafield><datafield tag="043" ind1=" " ind2=" "><subfield code="a">n-us-mi</subfield></datafield><datafield tag="100" ind1="1" ind2=" "><subfield code="6">880-01</subfield><subfield code="a">Warrāq, Muḥammad ibn ʻAbd al-ʻAzīz,</subfield><subfield code="d">d. 1281.</subfield></datafield><datafield tag="245" ind1="1" ind2="0"><subfield code="6">880-03</subfield><subfield code="a">Kitāb Takhmīs al-Witrīyah,</subfield><subfield code="f">[early to mid 18th century?].</subfield></datafield><datafield tag="260" ind1=" " ind2=" "><subfield code="c">[1700-1750?].</subfield></datafield><datafield tag="300" ind1=" " ind2=" "><subfield code="a">51 leaves :</subfield><subfield code="b">paper ;</subfield><subfield code="c">199 x 148 (150 x 110) mm. bound to 220 x 144 mm.</subfield></datafield><datafield tag="500" ind1=" " ind2=" "><subfield code="a">Shelfmark: Ann Arbor, University of Michigan, Special Collections Library, Isl. Ms. 1005</subfield></datafield><datafield tag="500" ind1=" " ind2=" "><subfield code="a">Origin: Lacks dated colophon ; paper, etc. would suggest early to mid 18th century (compare similar watermarks / countermarks in Velkov and Andreev, Filigranes dans les documents ottomans. I Trois croissants, p.62).</subfield></datafield><datafield tag="500" ind1=" " ind2=" "><subfield code="a">Former shelfmark: Mich. Isl. Ms. temp. no. 154</subfield></datafield><datafield tag="500" ind1=" " ind2=" "><subfield code="a">Binding: Pasteboards covered in block-printed paper (mauve / dark pink with repeating three-lobed motifs and dots in black, triangles constituting interstices between repeating circular fields in mint green) with tan leather over spine ; Type III binding (without flap) ; board linings in dark blue / indigo laid paper ; ill-fitting and unattached to text block, essentially recycled cover serving as wrapper ; text block once sewn in cream thread, now failed with threads remaining only inside some gatherings ; traces of endband primaries in blue and cream ; overall in somewhat poor condition with wrapper ill-fitting, abrasion, staining, lifting and losses of leather and paper, minor pest damage, etc. ; housed in carboard portfolio for protection.</subfield></datafield><datafield tag="500" ind1=" " ind2=" "><subfield code="a">Support: European laid paper with 9 laid lines per cm. (vertical), chain lines spaced 26-32 mm. apart (horizontal), three crescents / tre lune watermark (86 mm. long, perpendicular to chains, see pp.12, 30, 32, 86, etc.) and countermark "A 3" / "A Z" under trefoil (see pp.90, 93, etc.), sturdy, cream in color, well-burnished.</subfield></datafield><datafield tag="500" ind1=" " ind2=" "><subfield code="a">Decoration: Some keywords rubricated ; textual dividers in the form of inverted commas.</subfield></datafield><datafield tag="500" ind1=" " ind2=" "><subfield code="a">Script: Naskh ; compact, slightly awkward Egyptian [?] hand in a medium to bold line ; partially but irregularly seriffed with occasional tilt to the left, curvilinear descenders, pointing mainly in distinct dots though three dots represented by curved stroke looking like inverted comma, alif maqṣūrah often pointed as yāʼ ; extensively vocalized.</subfield></datafield><datafield tag="500" ind1=" " ind2=" "><subfield code="a">Layout: Written mainly in 17 lines per page with the three hemistichs of the takhmīs preceding each bayt of the qaṣīdah ; frame-ruled (impression of ruling board evident).</subfield></datafield><datafield tag="500" ind1=" " ind2=" "><subfield code="a">Collation: V+1 (11), 4 V(51) ; exclusively quinions ; catchwords present ; quire numbering in red ink in the form of whole words with catch title accompanied by Hindu-Arabic numberal on the recto of the opening leaf of each quire (e.g. "الثالث من الوترية ٣" ) ; pagination in pencil, Western numerals, supplied during digitization.</subfield></datafield><datafield tag="500" ind1=" " ind2=" "><subfield code="a">Explicit: "اذا جئت بالمرضي من عند ربنا ..."</subfield></datafield><datafield tag="500" ind1=" " ind2=" "><subfield code="a">Incipit: "حرف الالف بدأت بذكر الله مدحا مقدما وأثني بحمد الله شكرا معظما واختم قولي بالصلاة وانما اصلي صلاة تملا الارض والسماء على من له اعلى العلا متبوا ..."</subfield></datafield><datafield tag="500" ind1=" " ind2=" "><subfield code="a">Title from inscription on 'title page' (p.1).</subfield></datafield><datafield tag="500" ind1=" " ind2=" "><subfield code="a">Ms. codex.</subfield></datafield><datafield tag="510" ind1="4" ind2=" "><subfield code="a">Velkov, Asparoukh and Stephane Andreev. Filigranes dans les documents ottomans. I Trois croissants [= Водни знаци в Османотурските документи. I Три луни]. Sofia: Bibliotheque Nationale "Cyrille et Methode" Comission Archeographique Bulgare Section Orientale, 1983.</subfield></datafield><datafield tag="510" ind1="4" ind2=" "><subfield code="a">Brockelmann, C. GAL,</subfield><subfield code="c">I 250 ; S I 443-4</subfield></datafield><datafield tag="520" ind1="8" ind2=" "><subfield code="a">Careful though incomplete copy of the takhmīs, presumably by Muḥammad ibn ʻAbd al-ʻAzīz al-Warrāq al-Lakhmī al-Qurṭubī al-Iskandarānī (d.1281) upon Muḥammad ibn Rashīd al-Wāʻiẓ al-Baghdādī al-Witrī's (d.1264) al-Qaṣāʼid al-Witrīyah or Bustān al-ʻārifīn fī maʻrifat al-dunyā wa-al-dīn, ending in Ḥarf al-fāʼ. Prose preface has been added on the verso of the added 'title page' (p.2).</subfield></datafield><datafield tag="538" ind1=" " ind2=" "><subfield code="a">Mode of access: Internet.</subfield></datafield><datafield tag="541" ind1=" " ind2=" "><subfield code="a">Acquired in the Fall of 1950.</subfield></datafield><datafield tag="546" ind1=" " ind2=" "><subfield code="a">Arabic.</subfield></datafield><datafield tag="561" ind1=" " ind2=" "><subfield code="a">On upper board lining, label with ex libris of James Heyworth-Dunne (d.1974), stamped with inventory number, "Ex Libris | J. Heyworth-Dunne | D. Lit. (London) | No. 9155" ; UM Library inscription on p.3 "Dunning | Heyworth-Dunne | 6-13-51 | 71955" ; occasional glosses.</subfield></datafield><datafield tag="600" ind1="0" ind2="0"><subfield code="a">Muḥammad,</subfield><subfield code="c">Prophet,</subfield><subfield code="d">-632</subfield><subfield code="v">Poetry.</subfield></datafield><datafield tag="600" ind1="1" ind2="0"><subfield code="a">Witrī, Muḥammad ibn Rashīd,</subfield><subfield code="d">d. 1263 or 4.</subfield><subfield code="t">Qaṣāʼd al-Witrīyah.</subfield></datafield><datafield tag="650" ind1=" " ind2="0"><subfield code="a">Manuscripts, Arabic</subfield><subfield code="z">Michigan</subfield><subfield code="z">Ann Arbor.</subfield></datafield><datafield tag="700" ind1="1" ind2=" "><subfield code="a">Heyworth-Dunne, J.</subfield><subfield code="q">(James),</subfield><subfield code="e">former owner.</subfield></datafield><datafield tag="773" ind1="0" ind2=" "><subfield code="a">Heyworth-Dunne Collection.</subfield></datafield><datafield tag="880" ind1="1" ind2="0"><subfield code="6">245-03/</subfield><subfield code="a">كتاب تخميس الوترية,</subfield><subfield code="f">[اوائل الى اواسط القرن 18م؟].</subfield></datafield><datafield tag="880" ind1="1" ind2=" "><subfield code="6">100-01/</subfield><subfield code="a">وراق، محمد بن عبد العزيز.</subfield></datafield><datafield tag="CID" ind1=" " ind2=" "><subfield code="a">006834049</subfield></datafield><datafield tag="DAT" ind1="0" ind2=" "><subfield code="a">20190719102641.0</subfield><subfield code="b">20190719000000.0</subfield></datafield><datafield tag="DAT" ind1="1" ind2=" "><subfield code="a">20190719090653.0</subfield><subfield code="b">2019-07-19T16:12:14Z</subfield></datafield><datafield tag="DAT" ind1="2" ind2=" "><subfield code="a">2015-10-02T18:00:03Z</subfield></datafield><datafield tag="CAT" ind1=" " ind2=" "><subfield code="a">SDR-MIU</subfield><subfield code="d">EX LIBRIS - ALEPH</subfield><subfield code="l">prepare.pl-004-008</subfield></datafield><datafield tag="FMT" ind1=" " ind2=" "><subfield code="a">BK</subfield></datafield><datafield tag="HOL" ind1=" " ind2=" "><subfield code="0">sdr-miu006834049</subfield><subfield code="a">MiU</subfield><subfield code="b">SDR</subfield><subfield code="c">MIU</subfield><subfield code="p">mdp.39015079131929</subfield><subfield code="s">MIU</subfield><subfield code="1">006834049</subfield></datafield><datafield tag="974" ind1=" " ind2=" "><subfield code="b">MIU</subfield><subfield code="c">MIU</subfield><subfield code="d">20190719</subfield><subfield code="s">lit-dlps-dc</subfield><subfield code="u">mdp.39015079131929</subfield><subfield code="y">1750</subfield><subfield code="r">pd</subfield><subfield code="q">bib</subfield><subfield code="t">non-US bib date2 &lt; 1879</subfield></datafield></record></collection>